@misc{pfeifer2015ncon,
      title={NCON: A tensor network contractor for MATLAB}, 
      author={Robert N. C. Pfeifer and Glen Evenbly and Sukhwinder Singh and Guifre Vidal},
      year={2015},
      eprint={1402.0939},
      archivePrefix={arXiv},
      primaryClass={physics.comp-ph}
}