@BOOK{LAPACK,
AUTHOR = {Anderson, E. and Bai, Z. and Bischof, C. and
Blackford, S. and Demmel, J. and Dongarra, J. and
Du Croz, J. and Greenbaum, A. and Hammarling, S. and
McKenney, A. and Sorensen, D.},
TITLE = {{LAPACK} Users' Guide},
EDITION = {Third},
PUBLISHER = {Society for Industrial and Applied Mathematics},
YEAR = {1999},
ADDRESS = {Philadelphia, PA},
ISBN = {0-89871-447-8 (paperback)},
note = "\url{https://www.netlib.org/lapack/lug/node69.html}"
}
