@article{ibdry,
  title = {Infinite boundary conditions for matrix product state calculations},
  author = {Phien, Ho N. and Vidal, Guifr\'e and McCulloch, Ian P.},
  journal = {Phys. Rev. B},
  volume = {86},
  issue = {24},
  pages = {245107},
  numpages = {10},
  year = {2012},
  month = {Dec},
  publisher = {American Physical Society},
  doi = {10.1103/PhysRevB.86.245107},
  url = {https://link.aps.org/doi/10.1103/PhysRevB.86.245107}
}

