@article{hotrg-xie,
  title = {Coarse-graining renormalization by higher-order singular value decomposition},
  author = {Xie, Z. Y. and Chen, J. and Qin, M. P. and Zhu, J. W. and Yang, L. P. and Xiang, T.},
  journal = {Phys. Rev. B},
  volume = {86},
  issue = {4},
  pages = {045139},
  numpages = {9},
  year = {2012},
  month = {Jul},
  publisher = {American Physical Society},
  doi = {10.1103/PhysRevB.86.045139},
  url = {https://link.aps.org/doi/10.1103/PhysRevB.86.045139}
}
@article{hotrg-zhao,
  title = {Renormalization of tensor-network states},
  author = {Zhao, H. H. and Xie, Z. Y. and Chen, Q. N. and Wei, Z. C. and Cai, J. W. and Xiang, T.},
  journal = {Phys. Rev. B},
  volume = {81},
  issue = {17},
  pages = {174411},
  numpages = {17},
  year = {2010},
  month = {May},
  publisher = {American Physical Society},
  doi = {10.1103/PhysRevB.81.174411},
  url = {https://link.aps.org/doi/10.1103/PhysRevB.81.174411}
}

