@article{itebd-vidal,
  title = {Classical Simulation of Infinite-Size Quantum Lattice Systems in One Spatial Dimension},
  author = {Vidal, G.},
  journal = {Phys. Rev. Lett.},
  volume = {98},
  issue = {7},
  pages = {070201},
  numpages = {4},
  year = {2007},
  month = {Feb},
  publisher = {American Physical Society},
  doi = {10.1103/PhysRevLett.98.070201},
  url = {https://link.aps.org/doi/10.1103/PhysRevLett.98.070201}
}

